@phdthesis{cornillac2010morphing,
  title = {Morphing multirésolution de courbes},
  author = {Cornillac, Mélanie},
  school = {Université de Grenoble},
  year = {2010},
  type = {Modélisation et simulation},
  language = {Français},
  note = {NNT : ff, tel-00581474f}
}

@inproceedings{sederberg1993,
  author       = {T.W. Sederberg and P. Gao and G. Wang and H. Mu},
  title        = {2-D shape blending: An intrinsic solution to the vertex path problem},
  booktitle    = {Computer Graphics (SIGGRAPH 93 Proceedings)},
  volume       = {27},
  pages        = {15--18},
  year         = {1993}
}

@misc{pansu2004bsplines,
  author = {Pierre Pansu},
  title = {Courbes B-splines},
  year = {2004},
  url = {https://www.imo.universite-paris-saclay.fr/~pierre.pansu/web_maitrise/bsplines.pdf},
  note = {Accessed: 2024-05-30}
}


@misc{sheneGeometryNotes,
  author = {C.-K. Shene},
  title = {CS3621 Introduction to Computing with Geometry Notes},
  year = {Year Not Specified},
  note = {Professor, Department of Computer Science, Michigan Technological University}
}

